% TCP Congestion Control page
@misc{wiki:tcp_congestion_control,
  author       = {Wikipedia},
  title        = {TCP congestion control},
  howpublished = {\url{
                  https://en.wikipedia.org/wiki/TCP_congestion_control
                  }},
  note         = {Accessed: 22.03.2024}
}

% Cubic page
@misc{wiki:cubic,
  author       = {Wikipedia},
  title        = {CUBIC TCP},
  howpublished = {\url{
                  https://en.wikipedia.org/wiki/CUBIC_TCP
                  }},
  note         = {Accessed: 23.03.2024}
}

% TCP Vegas paper
@misc{uni:vegas,
  author       = {University of Winsconsin, Department of Computer Sciences},
  title        = {Modeling the Throughput of TCP Vegas},
  howpublished = {\url{
                  https://pages.cs.wisc.edu/~vernon/papers/sword.03sigm.pdf
                  }},
  note         = {Accessed: 23.03.2024}
}
